@misc{Integrated,
author = {Integrated, Maxim},
file = {:C\:/Users/Matteo Verzeroli/Google Drive/III ANNO/Tesi/Materiali/Articoli/MAX86916.pdf:pdf},
month = {oct},
title = {{MAX86916 Datasheet}},
note = {\url{https://datasheets.maximintegrated.com/en/ds/MAX86916.pdf}},
year = {2019}
}
