@misc{STMicroelectronicsSTM32CubeIDE,
author = {STMicroelectronics},
file = {:C\:/Users/Matteo Verzeroli/Google Drive/III ANNO/Tesi/Materiali/Articoli/stm32cubeide.pdf:pdf},
month = {Nov.},
title = {{Data Brief - Integrated development environment for STM32 products}},
note = {\url{https://www.st.com/resource/en/data_brief/stm32cubeide.pdf}},
year = {2019}
}

